4794 5442
1020 436 1204 638 ort*
1265 459 1440 633 nsr
1497 529 1540 636 r
1602 491 1672 638 οῖ’

659 823 942 1014 'argumento
978 825 1276 936 1llustrando
1249 905 1269 959 ,
1303 789 1351 930 in
1370 821 1708 995 gravtlfimts,
1688 861 1821 968 quae
1847 831 1909 934 iis
1923 834 2044 935 coni
2124 931 2128 940 ,
2176 907 2199 972 ·.

615 1035 621 1046 ’
658 1040 893 1173 tinemut,
929 1046 1142 1150 doctrinis
1172 1007 1433 1149 enarrandis
1454 1009 1627 1186 atqie
1641 1009 1961 1153 exornandis
1935 1077 2040 1158 ver·
2179 1123 2185 1138 .

668 1257 803 1389 satur,
839 1291 1005 1363 tantam
1040 1205 1326 1364 audientibus
1363 1263 1596 1364 utilitatem
1630 1263 1814 1366 adferre
1856 1261 2042 1363 censen·

655 1459 862 1604 'da-est,
886 1475 1208 1614 quantamvix
1229 1477 1313 1578 alia
1341 1477 1430 1576 ulla
1460 1475 1622 1577 Oratio
1653 1451 2067 1613 eonferreatque
2160 1523 2162 1528 v
2245 1525 2247 1528 ·
2346 1508 2350 1514 ·

654 1679 855 1785 'efficere
872 1681 1018 1820 poffit.
1084 1669 1350 1783 Utilitatem
1363 1713 1498 1820 auget
1518 1677 1751 1782 neceffitas
1770 1717 1785 1798 3
1819 1681 2043 1804 nam‘srne

664 1869 920 2034 Interprete
951 1897 1139 2035 intelligi
1176 1930 1272 1997 non
1304 1865 1502 2032 'possunt
1541 1892 1675 2030 libri,
1716 1894 2042 2035 ,antiquiffimis

656 2109 990 2250 temporibus,
1006 2111 1198 2258 lingua
1230 2118 1475 2286 peregtina·
1508 2091 1800 2246 conscripti,
1818 2131 1949 2248 atque
1984 2110 2041 2209 ab
2138 2159 2140 2168 1

577 2326 580 2332 ’
669 2323 722 2424 iis
727 2323 948 2461 profecti
956 2325 1238 2428 Auctoribus
1251 2331 1387 2464 ,qui
1421 2326 1500 2430 sub
1523 2327 1613 2460 alio
1636 2325 1770 2425 coelo
1792 2323 2040 2480 degentes,

655 2498 861 2675 'altisque
900 2564 952 2642 ae
993 2571 1075 2662 nos
1113 2515 1317 2696 motibus
1352 2571 1554 2672 utentes,
1586 2513 1688 2638 stilo
1726 2536 1886 2637 'etiam
1899 2532 1950 2636 &
1978 2533 2046 2636 lo·
2108 2521 2111 2528 ’

639 2719 872 2910 ’.ςυθῐὶἀί
866 2787 1088 2893 genere,
1126 2757 1325 2862 anostra
1361 2789 1498 2880 aetate
1522 2743 1667 2890 quam
1695 2745 1953 2888 longilfitne
1977 2748 2042 2852 'di-

504 2973 545 2988 ”
657 2952 867 3066 stabant.
939 2963 1057 3062 Hoc
1080 2967 1369 3096 interpretis
1361 2992 1555 3064 munus
1535 2938 1620 3062 ab
1646 2958 1773 3062 omni
1798 2989 1915 3058 aevo
1941 2953 2041 3060 Do·
2187 2951 2195 2968 ’

670 3181 789 3288 &tori
831 3119 1089 3278 Christiano
1121 3159 1410 3292 commissum
1435 3178 1550 3294 fuit3
1590 3167 1761 3314 quod
1748 3177 1919 3348 agitur,
1953 3177 2031 3313 qui

656 3398 903 3540 perficere
939 3360 1244 3534 detltgnatur
1276 3363 1512 3494 tiainnum
1546 3375 1780 3522 infert,
1749 3427 1845 3498 non
1879 3394 2040 3534 quovis
2127 3457 2132 3468 -
2193 3519 2196 3526 Ι

657 3609 757 3714 ‘allo
783 3576 1083 3778 emolumenti
1113 3609 1294 3802 genere
1313 3607 1635 3745 reparandum.

657 3847 662 3862 '
738 3824 919 3949 Porta,
951 3857 1002 3925 ut
1054 3825 1215 3925 Oratio
1264 3822 1380 3925 utilis
1424 3821 1507 3954 fit,
1545 3840 1697 3923 'terum
1736 3816 2034 3926 dicendarum

657 4037 952 4185 gravitatem
976 4041 1028 4144 a'c
1061 4039 1243 4175 pondus
1269 4039 1485 4140 varietate
1511 3983 1714 4174 quadam
1746 4037 1802 4138 &
1828 4033 2067 4146 luavitate¹

612 4321 619 4338 ·
655 4261 805 4364 ‘velun
853 4289 1106 4446 temperare
1149 4225 1373 4390 oportet.-
1437 4251 1535 4353 Nisa
1581 4232 1707 4358 eirim
1748 4267 2034 4428 attentionem
2144 4233 2149 4252 ’

444 4541 476 4613 ·.
629 4465 828 4606 acuas,
867 4433 947 4578 u
939 4443 1345 4610 languescentem
1356 4467 1588 4610 audiendi
1641 4435 1840 4577 animum
1875 4405 2033 4576 idemi
2103 4529 2112 4542 ·
2182 4509 2188 4520 ·

1918 4685 2050 4840 ,deut

2201 1075 2212 1100 δ
2234 1037 2257 1077 l
